@incollection{silberschatz2018operating,
  title={Operating System Concepts},
  author={Silberschatz, A. and Gagne, G. and Galvin, P.B.},
  isbn={9781119124894},
  url={https://books.google.com.mt/books?id=FHJlDwAAQBAJ},
  year={2018},
  publisher={Wiley},
  chapter={11}
}

@manual{armv7_m_architecture_manual,
  organization={ARM Ltd.},
  title={ARMv7-M Architecture Reference Manual},
  year=2006,
  month=6,
}

@manual{sl:an218,
  organization  = "Silicon Labs",
  title         = "DTMF Decoder Reference Design",
  number        = "AN218",
  year          =  2012,
  month         =  5,    
  note          = "Rev. 0.11"
}

@book{warren2012hacker,
  title={Hacker's Delight},
  author={Warren, H.S.},
  isbn={9780133085013},
  url={https://books.google.com.mt/books?id=VicPJYM0I5QC},
  year={2012},
  publisher={Pearson Education}
}

@misc{compiler_migration_guide, 
  title={ARM Compiler Migration and Compatibility Guide Version 5.06u3}, 
  url={https://developer.arm.com/documentation/dui0530/m/Migrating-from-ARM-Compiler-v5-05-to-v5-06/Compiler-changes-between-ARM-Compiler-v5-05-and-v5-06/--ldrex-and---strex-intrinsics-deprecated}, 
  journal={Documentation â€“ ARM developer}, 
  publisher={ARM Limited}, 
  author={ARM Limited}
  } 